%% This BibTeX bibliography file was created using BibDesk.
%% http://bibdesk.sourceforge.net/

%% Saved with string encoding Unicode (UTF-8) 

@book{griersonRH,
	Author = {C. Grierson and J. Schiefelbein},
	Date-Added = {2012-09-27 13:06:21 +0100},
	Date-Modified = {2012-09-27 13:06:21 +0100},
	Publisher = {American Society of Plant Biologist},
	Title = {The Arabidopsis Book},
	Year = {2002}}

@article{mjones01,
	Author = {M. Jones and N. Smirnoff},
	Date-Added = {2012-09-27 13:06:21 +0100},
	Date-Modified = {2012-09-27 13:06:21 +0100},
	Journal = {J. of Exp. Bot.},
	Number = {15},
	Pages = {4269--4275},
	Title = {Nuclear dynamics during the simultaneous and sustained tip growth of multiple root hairs arising from a single root epidermal cell},
	Volume = {57},
	Year = {2006}}

@article{massuci01,
	Author = {J. D. Masucci and J. W. Schiefelbein},
	Date-Added = {2012-09-19 08:40:38 +0100},
	Date-Modified = {2012-09-25 20:03:04 +0100},
	Journal = {Plant. Physiol.},
	Pages = {1335-1346},
	Title = {The rhd6 Mutation of Arabidopsis thaliana Alters Root-Hair Initiation trhough an Auxin- and Ethylene-Associated Process},
	Volume = {106},
	Year = {1994}}

@article{payne01,
	Author = {R.J.H. Payne and C.S. Grierson},
	Date-Added = {2011-06-09 15:48:34 +0100},
	Date-Modified = {2012-03-05 18:44:58 +0100},
	Journal = {PLoS ONE},
	Number = {12},
	Pages = {e8337. doi:10.1371/journal.pone.0008337},
	Title = {A theoretical model for ROP localisation by auxin in arabidopsis root hair cells},
	Volume = {4},
	Year = {2009}}

@article{rigas01,
	Author = {S. Rigas and G. Debrosses and K. Haralampidis and F. Vicente-Angulo and K. A. Feldman and A. Grabov and L. Dolan and P. Hatzpoulos},
	Date-Added = {2012-09-19 08:28:34 +0100},
	Date-Modified = {2012-09-19 08:30:59 +0100},
	Journal = {The Plant Cell},
	Pages = {139--151},
	Title = {TRH1 Encondes a Potassium Transporter REquired for Tip Growth in Arabidopsis Root Hairs},
	Volume = {13},
	Year = {2001}}

}
@misc{ilo_ruralgap,
  author = {{International Labour Organization}},
  title = {Decent Work for Rural Health Workers},
  year = {2021},
  howpublished = {\url{https://www.ilo.org/global/topics/economic-and-social-development/rural-development/WCMS_768518/lang--en/index.htm}},
  note = {Accessed: 2025-08-02}
}

@misc{nuffield_gp,
  author = {Nuffield Trust},
  title = {Digital Primary Care: Where Next?},
  year = {2022},
  howpublished = {\url{https://www.nuffieldtrust.org.uk/research/digital-primary-care-where-next}},
  note = {Accessed: 2025-08-02}
}

@misc{un_sdg3,
  author = {{United Nations}},
  title = {Ensure healthy lives and promote well-being for all at all ages},
  year = {2022},
  howpublished = {\url{https://sdgs.un.org/goals/goal3}},
  note = {Accessed: 2025-08-02}
}
@misc{femhline,
  author       = {Far Eastern Memorial Hospital},
  title        = {Official LINE Account},
  howpublished = {\url{https://line.me/R/ti/p/@femh}},
  note         = {Screenshot taken by the author},
  year         = {2025}
}
